<?xml version="1.0" encoding="UTF-8"?><collection xmlns="http://www.loc.gov/MARC21/slim"><record><leader>00472nam--2200181-u-4500</leader><controlfield tag="001">000052657</controlfield><controlfield tag="002">20161230</controlfield><controlfield tag="005">20161230201050</controlfield><controlfield tag="008">101002s1000------------r-----000-0-rus-d</controlfield><datafield ind1=" " ind2=" " tag="040"><subfield code="a">IFIN-HH</subfield></datafield><datafield ind1=" " ind2=" " tag="041"><subfield code="a">rus</subfield></datafield><datafield ind1=" " ind2=" " tag="080"><subfield code="a">533.932:621.039.643(075.8)</subfield></datafield><datafield ind1="1" ind2=" " tag="110"><subfield code="a">Akademia Nauk Ukrainskoi SSR</subfield></datafield><datafield ind1="1" ind2="0" tag="245"><subfield code="a">Kollektivnie iavleniia v tokonesusei plazme</subfield></datafield><datafield ind1=" " ind2=" " tag="260"><subfield code="a">Kiev</subfield><subfield code="b">Naukova Dumka</subfield><subfield code="c">1979</subfield></datafield><datafield ind1=" " ind2=" " tag="300"><subfield code="a">186 p</subfield></datafield><datafield ind1=" " ind2=" " tag="852"><subfield code="a">75648</subfield><subfield code="c">533.9</subfield></datafield><datafield ind1=" " ind2=" " tag="CAT"><subfield code="a">Sys</subfield><subfield code="c">20101002</subfield><subfield code="h">102753</subfield></datafield></record></collection>